<record><leader>01250ccm a2200313   4500</leader><controlfield tag="005">20200803230550.0</controlfield><controlfield tag="008">741028s1973    gw snz         n         </controlfield><controlfield tag="001">9914141453506421</controlfield><datafield tag="010" ind1=" " ind2=" "><subfield code="a">   74211217  </subfield></datafield><datafield tag="035" ind1=" " ind2=" "><subfield code="a">(OCoLC)ocm01058581</subfield><subfield code="0">(uri) http://www.worldcat.org/oclc/01058581</subfield></datafield><datafield tag="035" ind1=" " ind2=" "><subfield code="9">CEF8507TS</subfield></datafield><datafield tag="035" ind1=" " ind2=" "><subfield code="a">1414145</subfield></datafield><datafield tag="035" ind1=" " ind2=" "><subfield code="a">(NjP)1414145-princetondb</subfield></datafield><datafield tag="040" ind1=" " ind2=" "><subfield code="a">DLC</subfield><subfield code="c">PAU</subfield><subfield code="d">OCL</subfield><subfield code="d">ENG</subfield><subfield code="d">PUL</subfield></datafield><datafield tag="041" ind1="0" ind2=" "><subfield code="g">gerengfre</subfield></datafield><datafield tag="048" ind1=" " ind2=" "><subfield code="a">ka01</subfield></datafield><datafield tag="050" ind1="0" ind2=" "><subfield code="a">M23</subfield><subfield code="b">.L774 B min., 1973</subfield></datafield><datafield tag="100" ind1="1" ind2=" "><subfield code="a">Liszt, Franz,</subfield><subfield code="d">1811-1886.</subfield><subfield code="0">http://id.loc.gov/authorities/names/n79079048</subfield></datafield><datafield tag="240" ind1="1" ind2="0"><subfield code="a">Sonatas,</subfield><subfield code="m">piano,</subfield><subfield code="r">B minor</subfield></datafield><datafield tag="245" ind1="0" ind2="0"><subfield code="a">Sonate h-moll,</subfield><subfield code="c">nach dem Autograph und der Erstausg. Hrsg. von Ernst Herttrich. Fingersatz von Hans-Martin Theopold.</subfield></datafield><datafield tag="260" ind1=" " ind2=" "><subfield code="a">München,</subfield><subfield code="b">G. Henle Verlag</subfield><subfield code="c">[1973]</subfield></datafield><datafield tag="300" ind1=" " ind2=" "><subfield code="a">39 p.</subfield><subfield code="c">32 cm.</subfield></datafield><datafield tag="500" ind1=" " ind2=" "><subfield code="a">Pref. in German, English, and French.</subfield></datafield><datafield tag="650" ind1=" " ind2="0"><subfield code="a">Sonatas (Piano)</subfield><subfield code="0">http://id.loc.gov/authorities/subjects/sh85124927</subfield></datafield><datafield tag="655" ind1=" " ind2="7"><subfield code="a">Sonatas.</subfield><subfield code="2">lcgft</subfield><subfield code="0">http://id.loc.gov/authorities/genreForms/gf2014027099</subfield></datafield><datafield tag="655" ind1=" " ind2="7"><subfield code="a">Sonatas.</subfield><subfield code="2">lcgft</subfield><subfield code="0">http://id.loc.gov/authorities/genreForms/gf2014027099</subfield></datafield><datafield tag="700" ind1="1" ind2=" "><subfield code="a">Herttrich, Ernst,</subfield><subfield code="d">1942-</subfield><subfield code="0">http://id.loc.gov/authorities/names/n81047600</subfield></datafield><datafield tag="700" ind1="1" ind2=" "><subfield code="a">Theopold, Hans-Martin.</subfield><subfield code="0">http://id.loc.gov/authorities/names/n78015433</subfield></datafield><datafield tag="947" ind1=" " ind2=" "><subfield code="a">CEF8507</subfield></datafield><datafield tag="911" ind1=" " ind2=" "><subfield code="a">19990326</subfield></datafield><datafield tag="950" ind1=" " ind2=" "><subfield code="b">2020-12-02 19:27:30 US/Eastern</subfield><subfield code="a">false</subfield></datafield><datafield tag="852" ind1="0" ind2="0"><subfield code="b">annex</subfield><subfield code="c">stacks</subfield><subfield code="h">M23.L5S6 1973q</subfield><subfield code="k">Oversize</subfield><subfield code="8">22242008800006421</subfield></datafield><datafield tag="952" ind1=" " ind2=" "><subfield code="a">2020-12-03 00:27:30</subfield><subfield code="8">22242008800006421</subfield><subfield code="b">Forrestal Annex</subfield><subfield code="c">Annex Stacks</subfield><subfield code="e">false</subfield></datafield><datafield tag="852" ind1="0" ind2="0"><subfield code="b">annex</subfield><subfield code="c">stacks</subfield><subfield code="h">M23.L5S6 1973q</subfield><subfield code="k">Oversize</subfield><subfield code="8">22242008960006421</subfield></datafield><datafield tag="952" ind1=" " ind2=" "><subfield code="a">2020-12-03 00:27:30</subfield><subfield code="8">22242008960006421</subfield><subfield code="b">Forrestal Annex</subfield><subfield code="c">Annex Stacks</subfield><subfield code="e">false</subfield></datafield><datafield tag="852" ind1="0" ind2="0"><subfield code="b">annex</subfield><subfield code="c">stacks</subfield><subfield code="h">M23.L5S6 1973q</subfield><subfield code="k">Oversize</subfield><subfield code="8">22242008880006421</subfield></datafield><datafield tag="952" ind1=" " ind2=" "><subfield code="a">2020-12-03 00:27:30</subfield><subfield code="8">22242008880006421</subfield><subfield code="b">Forrestal Annex</subfield><subfield code="c">Annex Stacks</subfield><subfield code="e">false</subfield></datafield><datafield tag="852" ind1="0" ind2="0"><subfield code="b">annex</subfield><subfield code="c">stacks</subfield><subfield code="h">M23.L5S6 1973q</subfield><subfield code="k">Oversize</subfield><subfield code="8">22242008820006421</subfield></datafield><datafield tag="952" ind1=" " ind2=" "><subfield code="a">2020-12-03 00:27:30</subfield><subfield code="8">22242008820006421</subfield><subfield code="b">Forrestal Annex</subfield><subfield code="c">Annex Stacks</subfield><subfield code="e">false</subfield></datafield><datafield tag="852" ind1="0" ind2="0"><subfield code="b">mendel</subfield><subfield code="c">stacks</subfield><subfield code="h">M23.L5S6 1973q</subfield><subfield code="k">Oversize</subfield><subfield code="8">22242009060006421</subfield></datafield><datafield tag="952" ind1=" " ind2=" "><subfield code="a">2020-12-03 00:27:30</subfield><subfield code="8">22242009060006421</subfield><subfield code="b">Mendel Music Library</subfield><subfield code="c">Mendel Music Library</subfield><subfield code="e">false</subfield></datafield><datafield tag="852" ind1="0" ind2="0"><subfield code="b">annex</subfield><subfield code="c">stacks</subfield><subfield code="h">M23.L5S6 1973q</subfield><subfield code="k">Oversize</subfield><subfield code="8">22242009000006421</subfield></datafield><datafield tag="952" ind1=" " ind2=" "><subfield code="a">2020-12-03 00:27:30</subfield><subfield code="8">22242009000006421</subfield><subfield code="b">Forrestal Annex</subfield><subfield code="c">Annex Stacks</subfield><subfield code="e">false</subfield></datafield><datafield tag="852" ind1="0" ind2="0"><subfield code="b">mendel</subfield><subfield code="c">stacks</subfield><subfield code="h">M23.L5S6 1973q</subfield><subfield code="k">Oversize</subfield><subfield code="8">22242009020006421</subfield></datafield><datafield tag="952" ind1=" " ind2=" "><subfield code="a">2020-12-03 00:27:30</subfield><subfield code="8">22242009020006421</subfield><subfield code="b">Mendel Music Library</subfield><subfield code="c">Mendel Music Library</subfield><subfield code="e">false</subfield></datafield><datafield tag="852" ind1="0" ind2="0"><subfield code="b">annex</subfield><subfield code="c">stacks</subfield><subfield code="h">M23.L5S6 1973q</subfield><subfield code="k">Oversize</subfield><subfield code="8">22242009040006421</subfield></datafield><datafield tag="952" ind1=" " ind2=" "><subfield code="a">2020-12-03 00:27:30</subfield><subfield code="8">22242009040006421</subfield><subfield code="b">Forrestal Annex</subfield><subfield code="c">Annex Stacks</subfield><subfield code="e">false</subfield></datafield><datafield tag="852" ind1="0" ind2="0"><subfield code="b">annex</subfield><subfield code="c">stacks</subfield><subfield code="h">M23.L5S6 1973q</subfield><subfield code="k">Oversize</subfield><subfield code="8">22242008850006421</subfield></datafield><datafield tag="952" ind1=" " ind2=" "><subfield code="a">2020-12-03 00:27:30</subfield><subfield code="8">22242008850006421</subfield><subfield code="b">Forrestal Annex</subfield><subfield code="c">Annex Stacks</subfield><subfield code="e">false</subfield></datafield><datafield tag="852" ind1="0" ind2="0"><subfield code="b">annex</subfield><subfield code="c">stacks</subfield><subfield code="h">M23.L5S6 1973q</subfield><subfield code="k">Oversize</subfield><subfield code="8">22242008940006421</subfield></datafield><datafield tag="952" ind1=" " ind2=" "><subfield code="a">2020-12-03 00:27:30</subfield><subfield code="8">22242008940006421</subfield><subfield code="b">Forrestal Annex</subfield><subfield code="c">Annex Stacks</subfield><subfield code="e">false</subfield></datafield><datafield tag="852" ind1="0" ind2="0"><subfield code="b">annex</subfield><subfield code="c">stacks</subfield><subfield code="h">M23.L5S6 1973q</subfield><subfield code="k">Oversize</subfield><subfield code="8">22242008980006421</subfield></datafield><datafield tag="952" ind1=" " ind2=" "><subfield code="a">2020-12-03 00:27:30</subfield><subfield code="8">22242008980006421</subfield><subfield code="b">Forrestal Annex</subfield><subfield code="c">Annex Stacks</subfield><subfield code="e">false</subfield></datafield><datafield tag="852" ind1="0" ind2="0"><subfield code="b">annex</subfield><subfield code="c">stacks</subfield><subfield code="h">M23.L5S6 1973q</subfield><subfield code="k">Oversize</subfield><subfield code="8">22242008920006421</subfield></datafield><datafield tag="952" ind1=" " ind2=" "><subfield code="a">2020-12-03 00:27:30</subfield><subfield code="8">22242008920006421</subfield><subfield code="b">Forrestal Annex</subfield><subfield code="c">Annex Stacks</subfield><subfield code="e">false</subfield></datafield><datafield tag="876" ind1=" " ind2=" "><subfield code="0">22242008960006421</subfield><subfield code="a">23242008950006421</subfield><subfield code="j">1</subfield><subfield code="i">0</subfield><subfield code="d">2020-12-03 00:27:30</subfield><subfield code="h">Oversize M23.L5S6 1973q</subfield><subfield code="p">32101030094658</subfield><subfield code="t">3</subfield></datafield><datafield tag="876" ind1=" " ind2=" "><subfield code="0">22242008880006421</subfield><subfield code="a">23242008870006421</subfield><subfield code="j">1</subfield><subfield code="i">0</subfield><subfield code="d">2020-12-03 00:27:30</subfield><subfield code="h">Oversize M23.L5S6 1973q</subfield><subfield code="p">32101030094690</subfield><subfield code="t">7</subfield></datafield><datafield tag="876" ind1=" " ind2=" "><subfield code="0">22242009020006421</subfield><subfield code="a">23242009010006421</subfield><subfield code="j">1</subfield><subfield code="i">0</subfield><subfield code="d">2020-12-03 00:27:30</subfield><subfield code="h">Oversize M23.L5S6 1973q</subfield><subfield code="p">32101030094765</subfield><subfield code="t">2</subfield></datafield><datafield tag="876" ind1=" " ind2=" "><subfield code="0">22242009060006421</subfield><subfield code="a">23242009050006421</subfield><subfield code="j">1</subfield><subfield code="i">0</subfield><subfield code="d">2020-12-03 00:27:30</subfield><subfield code="h">Oversize M23.L5S6 1973q</subfield><subfield code="p">32101003526165</subfield><subfield code="t">1</subfield></datafield><datafield tag="876" ind1=" " ind2=" "><subfield code="0">22242008800006421</subfield><subfield code="a">23242008790006421</subfield><subfield code="j">1</subfield><subfield code="i">0</subfield><subfield code="d">2020-12-03 00:27:30</subfield><subfield code="h">Oversize M23.L5S6 1973q</subfield><subfield code="p">32101030094724</subfield><subfield code="t">10</subfield></datafield><datafield tag="876" ind1=" " ind2=" "><subfield code="0">22242008920006421</subfield><subfield code="a">23242008910006421</subfield><subfield code="j">1</subfield><subfield code="i">0</subfield><subfield code="d">2020-12-03 00:27:30</subfield><subfield code="h">Oversize M23.L5S6 1973q</subfield><subfield code="p">32101030094682</subfield><subfield code="t">6</subfield></datafield><datafield tag="876" ind1=" " ind2=" "><subfield code="0">22242009040006421</subfield><subfield code="a">23242009030006421</subfield><subfield code="j">1</subfield><subfield code="i">0</subfield><subfield code="d">2020-12-03 00:27:30</subfield><subfield code="h">Oversize M23.L5S6 1973q</subfield><subfield code="p">32101030094674</subfield><subfield code="t">5</subfield></datafield><datafield tag="876" ind1=" " ind2=" "><subfield code="0">22242009000006421</subfield><subfield code="a">23242008990006421</subfield><subfield code="j">1</subfield><subfield code="i">0</subfield><subfield code="d">2020-12-03 00:27:30</subfield><subfield code="h">Oversize M23.L5S6 1973q</subfield><subfield code="p">32101030094914</subfield><subfield code="t">1</subfield></datafield><datafield tag="876" ind1=" " ind2=" "><subfield code="0">22242008820006421</subfield><subfield code="a">23242008810006421</subfield><subfield code="j">1</subfield><subfield code="i">0</subfield><subfield code="d">2020-12-03 00:27:30</subfield><subfield code="h">Oversize M23.L5S6 1973q</subfield><subfield code="p">32101030094716</subfield><subfield code="t">9</subfield></datafield><datafield tag="876" ind1=" " ind2=" "><subfield code="0">22242008850006421</subfield><subfield code="a">23242008830006421</subfield><subfield code="j">1</subfield><subfield code="i">0</subfield><subfield code="d">2020-12-03 00:27:30</subfield><subfield code="h">Oversize M23.L5S6 1973q</subfield><subfield code="p">32101030094708</subfield><subfield code="t">8</subfield></datafield><datafield tag="876" ind1=" " ind2=" "><subfield code="0">22242008940006421</subfield><subfield code="a">23242008930006421</subfield><subfield code="j">1</subfield><subfield code="i">0</subfield><subfield code="d">2020-12-03 00:27:30</subfield><subfield code="h">Oversize M23.L5S6 1973q</subfield><subfield code="p">32101030094666</subfield><subfield code="t">4</subfield></datafield><datafield tag="876" ind1=" " ind2=" "><subfield code="0">22242008980006421</subfield><subfield code="a">23242008970006421</subfield><subfield code="j">1</subfield><subfield code="i">0</subfield><subfield code="d">2020-12-03 00:27:30</subfield><subfield code="h">Oversize M23.L5S6 1973q</subfield><subfield code="p">32101030094641</subfield><subfield code="t">2</subfield></datafield></record>